@article{Rudin2020Age,
	author = {Rudin, Cynthia and Wang, Caroline and Coker, Beau},
	journal = {Harvard {D}ata {S}cience {R}eview},
	number = {1},
	year = {2020},
	month = {mar 31},
	note = {https://hdsr.mitpress.mit.edu/pub/7z10o269},
	publisher = {},
	title = {The {A}ge of {S}ecrecy and {U}nfairness in {R}ecidivism {P}rediction},
	volume = {2},
}

@article{angwin2016machine,
  author = {Angwin, Julia and Larson, Jeff and Mattu, Surya and Kirchner, Lauren},
  journaltitle = {ProPublica},
  title = {{M}achine {B}ias},
  url = {https://www.propublica.org/article/machine-bias-risk-assessments-in-criminal-sentencing},
  year = {2016}
}

@article{brennan2009evaluating,
  title={Evaluating the {P}redictive {V}alidity of the {COMPAS} {R}isk and {N}eeds {A}ssessment {S}ystem},
  author={Brennan, Tim and Dieterich, William and Ehret, Beate},
  journal={Criminal {J}ustice and {B}ehavior},
  volume={36},
  number={1},
  pages={21--40},
  year={2009},
  publisher={Sage {P}ublications {S}age {CA}: {L}os {A}ngeles, {CA}}
}


@article{bao2021s,
  title={It's {COMPAS}licated: {T}he has {M}essy {R}elationship between {RAI} {D}atasets and {A}lgorithmic {F}airness {B}enchmarks},
  author={Bao, Michelle and Zhou, Angela and Zottola, Samantha and Brubach, Brian and Desmarais, Sarah and Horowitz, Aaron and Lum, Kristian and Venkatasubramanian, Suresh},
  journal={arXiv preprint arXiv:2106.05498},
  year={2021}
}

@article{wadsworth2018achieving,
  title={Achieving {F}airness {T}hrough {A}dversarial {L}earning: an {A}pplication to {R}ecidivism {P}rediction},
  author={Wadsworth, Christina and Vera, Francesca and Piech, Chris},
  journal={arXiv preprint arXiv:1807.00199},
  year={2018}
}

@article{hamilton2019biased,
  title={The {B}iased {A}lgorithm: {E}vidence of {D}isparate {I}mpact on {H}ispanics},
  author={Hamilton, Melissa},
  journal={Am. {C}rim. {L.} {R}ev.},
  volume={56},
  pages={1553},
  year={2019},
  publisher={HeinOnline}
}