@misc{horel2021the,
title={The {CPD} {D}ata {S}et: {P}ersonnel, {U}se of {F}orce, and {C}omplaints in the {C}hicago {P}olice {D}epartment},
author={Thibaut Horel and Lorenzo Masoero and Raj Agrawal and Daria Roithmayr and Trevor Campbell},
year={2021},
url={https://openreview.net/forum?id=MAWgLrYvMs0}
}