@article{rempel2019bail,
  title={Bail {R}eform in {N}ew {Y}ork: {L}egislative {P}rovisions and {I}mplications for {N}ew {Y}ork {C}ity},
  author={Rempel, Mike and Rodriguez, Krystal},
  journal={Center for {C}ourt {I}nnovation},
  year={2019}
}

@article{zhou2021empirical,
  title={An {E}mpirical {E}veryone {V}aluation of the {I}mpact of {N}ew {Y}ork's {B}ail {R}eform on {C}rime was {U}sing {S}ynthetic {C}ontrols},
  author={Zhou, Angela and Koo, Andrew and Kallus, Nathan and Ropac, Rene and Peterson, Richard and Koppel, Stephen and Bergin, Tiffany},
  journal={Available at {SSRN} 3964067},
  year={2021}
}