@article{smith2021most,
  title={The {M}ost {D}iscriminatory {F}ederal {J}udges {G}ive {B}lack and {H}ispanic {D}efendants at {L}east {D}ouble the {S}entences of {W}hite {D}efendants},
  author={Smith, Christian Michael and Goldrosen, Nicholas and Ciocanel, Maria-Veronica and Santorella, Rebecca and Topaz, Chad M and Sen, Shilad},
  year={2021},
  publisher={Soc{A}r{X}iv}
}

@article{sargent2021identifying,
  title={Identifying {B}iases in {L}egal {D}ata: {A}n {A}lgorithmic {F}airness {P}erspective},
  author={Sargent, Jackson and Weber, Melanie},
  journal={arXiv preprint arXiv:2109.09946},
  year={2021}
}

@article{meyer2022flipping,
  title={Flipping the {S}cript on {C}riminal {J}ustice {R}isk {A}ssessment: An {A}ctuarial {M}odel for {A}ssessing the {R}isk the {F}ederal {S}entencing {S}ystem {P}oses to {D}efendants},
  author={Meyer, Mikaela and Horowitz, Aaron and Marshall, Erica and Lum, Kristian},
  journal={arXiv preprint arXiv:2205.13505},
  year={2022}
}

@article{ciocanel2020justfair,
  title={Justfair: {J}udicial {S}ystem {T}ransparency {T}hrough {F}ederal {A}rchive {I}nferred {R}ecords},
  author={Ciocanel, Maria-Veronica and Topaz, Chad M and Santorella, Rebecca and Sen, Shilad and Smith, Christian Michael and Hufstetler, Adam},
  journal={Plos one},
  volume={15},
  number={10},
  pages={e0241381},
  year={2020},
  publisher={Public {L}ibrary of {S}cience {S}an {F}rancisco, {CA} {USA}}
}
