@misc{us2015law,
  title={{L}aw {E}nforcement {M}anagement and {A}dministrative {S}tatistics {(LEMAS)}, 2016},
  author={US Department of Justice: Office of Justice Programs Bureau of Justice Statistics},
  year={2016},
  publisher={Inter-university Consortium for Political and Social Research}
}

@article{diehr2018lack,
  title={{L}ack of {C}ommunity-{O}riented {P}olicing {P}ractices {P}artially {M}ediates the {R}elationship between {R}acial {R}esidential {S}egregation and “{B}lack-on-{B}lack” {H}omicide {R}ates},
  author={Diehr, Aaron J and McDaniel, Justin T},
  journal={Preventive {M}edicine},
  volume={112},
  pages={179--184},
  year={2018},
  publisher={Elsevier}
}

@book{hickman2001community,
  title={Community {P}olicing in {L}ocal {P}olice {D}epartments, 1997 and 1999},
  author={Hickman, Matthew J and Reaves, Brian},
  year={2001},
  publisher={US {D}epartment of {J}ustice, {O}ffice of {J}ustice {P}rograms, {B}ureau of {J}ustice}
}

@article{sozer2013impact,
  title={The {I}mpact of {C}ommunity {P}olicing on {C}rime {R}ates: {D}oes the {E}ffect of {C}ommunity {P}olicing {D}iffer in {L}arge and {S}mall {L}aw {E}nforcement {A}gencies?},
  author={Sozer, Mehmet Alper and Merlo, Alida V},
  journal={Police {P}ractice and {R}esearch},
  volume={14},
  number={6},
  pages={506--521},
  year={2013},
  publisher={Taylor \& Francis}
}

@article{sklansky2005not,
  title={Not {Y}our {F}ather's {P}olice {D}epartment: {M}aking {S}ense of the {N}ew {D}emographics of {L}aw {E}nforcement},
  author={Sklansky, David Alan},
  journal={J. {Crim.} {L.} \& {C}riminology},
  volume={96},
  pages={1209},
  year={2005},
  publisher={HeinOnline}
}

@article{yu2022women,
  title={Women in {S}tate {L}aw {E}nforcement: {A}n {E}xploratory {T}rend {A}nalysis},
  author={Yu, Helen H and Viswanath, Shilpa},
  journal={The {A}merican {R}eview of {P}ublic {A}dministration},
  volume={52},
  number={4},
  pages={268--279},
  year={2022},
  publisher={SAGE {P}ublications {S}age {CA}: {L}os {A}ngeles, {CA}}
}

@book{hyland2018body,
  title={Body-worn {C}ameras in {L}aw {E}nforcement {A}gencies, 2016},
  author={Hyland, Shelley},
  year={2018},
  publisher={US {D}epartment of {J}ustice, {O}ffice of {J}ustice {P}rograms, {B}ureau of {J}ustice}
}

@article{reaves2015local,
  title={Local {P}olice {D}epartments, 2013: {E}quipment and {T}echnology},
  author={Reaves, Brian A},
  journal={Washington, {DC}: {B}ureau of {J}ustice {S}tatistics},
  year={2015}
}

@article{weisburd2005diffusion,
  title={The {D}iffusion of {C}omputerized {C}rime {M}apping in {P}olicing: {L}inking {R}esearch and {P}ractice},
  author={Weisburd, David and Lum, Cynthia},
  journal={Police {P}ractice and {R}esearch},
  volume={6},
  number={5},
  pages={419--434},
  year={2005},
  publisher={Taylor \& {F}rancis}
}

@misc{davis_2016,
title={Law {E}nforcement {M}anagement and {A}dministrative {S}tatistics ({LEMAS}) {M}ethodology}, url={https://bjs.ojp.gov/data-collection/law-enforcement-management-and-administrative-statistics-lemas#methodology-0}, journal={LEMAS Methodology}, publisher={Bureau of {J}ustice {S}tatistics}, author={Davis, Elizabeth}, year={2016}} 

@misc{codebook,
title = {Law {E}nforcement {M}anagement and {A}dministrative {S}tatistics ({LEMAS}), 2016, {C}odebook},
author = {United {S}tates {D}epartment of {J}ustice.
Office of {J}ustice {P}rograms. {B}ureau of
{J}ustice {S}tatistics},
year = {2016},
url = {https://www.icpsr.umich.edu/web/NACJD/studies/37323}
}