@misc{ncvs, title={National Crime Victimization Survey (NCVS)}, url={https://bjs.ojp.gov/data-collection/ncvs}, journal={Bureau of Justice Statistics}, language={en}}

@misc{ncvs_data_coodbook, 
title={National {C}rime {V}ictimization {S}urvey ({NCVS}) {S}eries}, url={https://www.icpsr.umich.edu/web/ICPSR/series/95}, 
journal={{ICPSR}}
}

@inproceedings{fogliato2022validity,
  title={Estimating the {L}ikelihood of {A}rrest on {P}olice {R}ecords in {P}resence of {U}nreported {C}rimes},
  author={Fogliato, Riccardo and Kuchibhotla, Arun Kumar and Xiang, Alice and Lipton, Zachary and Nagin, Daniel and Chouldechova, Alexandra},
 journal={Forthcoming},
  year={2022}
}

@incollection{kruttschnitt2014potential,
  title={Potential sources of error in the {NCVS}: {S}ampling, frame, and processing},
  author={Kruttschnitt, Candace and Kalsbeek, William D and House, Carol C and National Research Council and others},
  booktitle={Estimating the {I}ncidence of {R}ape and {S}exual {A}ssault},
  year={2014},
  publisher={National {A}cademies {P}ress ({US})}
}