@article{ormachea2015new,
  title={A {N}ew {C}riminal {R}ecords {D}atabase for {L}arge-scale {A}nalysis of {P}olicy and {B}ehavior},
  author={Ormachea, Pablo A and Haarsma, Gabe and Davenport, Sasha and Eagleman, David M},
  journal={Journal of {S}cience and {L}aw | jscilaw.org},
  volume={1},
  number={1},
  pages={2},
  year={2015}
}

@dataset{Neulaw,
    title = {NeuLaw {C}riminal {R}ecord {D}atabase},
    author= {Eagleman, David M.},
    distributor = {Ann {A}rbor, {MI}: {I}nter-university {C}onsortium for {P}olitical and {S}ocial Research}, 
    data = {2016-11-30},
    doi = {10.3886/E100360V1}
    url = {https://www.openicpsr.org/openicpsr/project/100360/version/V1/view}
}

@article{ormachea2016enabling,
  title={Enabling {I}ndividualized {C}riminal {S}entencing while {R}educing {S}ubjectivity: a {T}ablet-based {A}ssessment of {R}ecidivism {R}isk},
  author={Ormachea, Pablo A and Davenport, Sasha and Haarsma, Gabe and Jarman, Anna and Henderson, Howard and Eagleman, David M},
  journal={{AMA} {J}ournal of {E}thics},
  volume={18},
  number={3},
  pages={243--251},
  year={2016},
  publisher={American {M}edical {A}ssociation}
}

@article{bouffard2019time,
  title={Time-series {A}nalyses of the {I}mpact of {S}ex {O}ffender {R}egistration and {N}otification {L}aw {I}mplementation and {S}ubsequent {M}odifications on {R}ates of {S}exual {O}ffenses},
  author={Bouffard, Jeff A and Askew, LaQuana N},
  journal={Crime \& {D}elinquency},
  volume={65},
  number={11},
  pages={1483--1512},
  year={2019},
  publisher={{SAGE} {P}ublications {S}age {CA}: {L}os {A}ngeles, {CA}}
}

@phdthesis{cooper2018difference,
  title={What a {D}ifference a {Y}ear {M}akes: {A}n {E}xamination of {P}rosecutorial {D}ecision-making for {P}ersons {U}nder the {A}ge of 18 in the {H}arris {C}ounty, {T}exas {A}dult {C}riminal {J}ustice {S}ystem. {P}atterns and {P}redictors.},
  author={Cooper, Maisha Nichole},
  year={2018}
}

@article{pfeffer2018gendered,
  title={{G}endered {O}utcomes in {P}rostitution {A}rrests in {H}ouston, {T}exas},
  author={Pfeffer, Rebecca and Ormachea, Pablo and Eagleman, David},
  journal={Crime \& {D}elinquency},
  volume={64},
  number={12},
  pages={1538--1567},
  year={2018},
  publisher={{SAGE} {P}ublications {S}age {CA}: {L}os {A}ngeles, {CA}}
}