@article{hamilton2019biased,
  title={{T}he biased algorithm: {E}vidence of disparate impact on {H}ispanics},
  author={{H}amilton, {M}elissa},
  journal={Am. Crim. L. Rev.},
  volume={56},
  pages={1553},
  year={2019},
  publisher={HeinOnline}
}

@book{finkelhor2000kidnaping,
  title={{K}idnaping of juveniles: {P}atterns from {NIBRS}},
  author={{F}inkelhor, {D}avid},
  year={2000},
  publisher={{US} {D}epartment of {J}ustice, {O}ffice of {J}ustice {P}rograms, {O}ffice of {J}uvenile~…}
}


@article{d2003race,
  title={{R}ace and the {P}robability of {A}rrest},
  author={{D'A}lessio, {S}tewart {J} and {S}tolzenberg, {L}isa},
  journal={{S}ocial {F}orces},
  volume={81},
  number={4},
  pages={1381--1397},
  year={2003},
  publisher={{T}he {U}niversity of {N}orth {C}arolina {P}ress}
}
@article{zhang2021hate,
  title={{H}ate {C}rimes {A}gainst {A}sian {A}mericans},
  author={{Z}hang, {Y}an and {Z}hang, {L}ening and {B}enton, {F}rancis},
  journal={American journal of criminal justice},
  pages={1--21},
  year={2021},
  publisher={Springer}
}

@book{strom2001hate,
  title={{H}ate {C}rimes {R}eported in {NIBRS}, 1997-99},
  author={Strom, Kevin},
  year={2001},
  publisher={US Department of Justice, Office of Justice Programs, Bureau of Justice~…}
}

@article{shively2014understanding,
  title={{U}nderstanding {T}rends in {H}ate {C}rimes {A}gainst {I}mmigrants and {H}ispanic-{A}mericans},
  author={{S}hively, {M}ichael and {S}ubramanian, {R}ajen and {D}rucker, {O}mri and {E}dgerton, {J}ared and {M}cDevitt, {J}ack and {F}arrell, {A}my and {I}wama, {J}anice},
  year={2014},
  publisher={{US} {D}epartment of {J}ustice {(DOJ)}}
}

@article{chilton1999using,
  title={{U}sing the {N}ational {I}ncident-{B}ased {R}eporting {S}ystem {(NIBRS)} to {T}est {E}stimates of {A}rrestee and {O}ffender {C}haracteristics},
  author={{C}hilton, {R}oland and {J}arvis, {J}ohn},
  journal={{J}ournal of {Q}uantitative {C}riminology},
  volume={15},
  number={2},
  pages={207--224},
  year={1999},
  publisher={{S}pringer}
}

@article{chilton2007impact,
  title={{I}mpact of {E}mployment, {F}amily {S}tructure, and {I}ncome on {NIBRS} {O}ffense, {V}ictim, {O}ffender, and {A}rrest {R}ates},
  author={{C}hilton, {R}oland and {R}egoeczi, Wendy C},
  journal={{J}ustice {R}esearch and {P}olicy},
  volume={9},
  number={2},
  pages={9--29},
  year={2007},
  publisher={{SAGE P}ublications {S}age {CA}: {L}os {A}ngeles, {CA}}
}


@article{butcher2022racial,
  title={{R}acial {D}isparities in the {E}nforcement of {M}arijuana {V}iolations in the {US}},
  author={{B}utcher, {B}radley and Robinson, Chris and Zilka, Miri and Fogliato, Riccardo and Ashurst, Carolyn and Weller, Adrian},
  journal={AAAI/ACM Conference on AI, Ethics, and Society 2022},
  year={2022}
}

@article{federal2020national,
  title={{N}ational {I}ncident-based {R}eporting {S}ystem ({NIBRS}) {U}ser {M}anual},
  author={Federal Bureau of Investigation},
  year={2020},
  publisher={US Department of Justice Washington, DC}
}