@misc{nsduh, title={National Survey on Drug Use and Health ({NSDUH}) population}, url={https://www.datafiles.samhsa.gov/dataset/national-survey-drug-use-and-health-2020-nsduh-2020-ds0001}, journal={National Survey on Drug Use and Health 2020}, publisher={Substance Abuse and Mental Health Services Administration}, author={SAMHSA}, year={2021}} 

@misc{nsduh_coodbook,
title={2019 {N}ational {S}urvey on {D}rug {U}se and {H}ealth ({NSDUH}):
{P}ublic {U}se {F}ile {C}odebook},
author = {Substance {A}buse and {M}ental {H}ealth {S}ervices {A}dministration},
year = {2020},
url = {https://www.datafiles.samhsa.gov/sites/default/files/field-uploads-protected/studies/NSDUH-2019/NSDUH-2019-datasets/NSDUH-2019-DS0001/NSDUH-2019-DS0001-info/NSDUH-2019-DS0001-info-codebook.pdf}
}

@misc{nsduh_method,
title={2020 {N}ational {S}urvey on {D}rug {U}se and {H}ealth ({NSDUH}):
{M}ethodological {S}ummary and {D}efinitions},
author = {Substance {A}buse and {M}ental {H}ealth {S}ervices {A}dministration},
year = {2021},
url = {https://www.samhsa.gov/data/sites/default/files/reports/rpt35330/2020NSDUHMethodSummDefs091721.pdf}
}

@misc{nsduh_field,
title={2019 {N}ational {S}urvey on {D}rug {U}se and {H}ealth ({NSDUH}):
{F}ield {I}nterviewer {M}anual},
author = {Substance {A}buse and {M}ental {H}ealth {S}ervices {A}dministration},
year = {2020},
url = {https://www.samhsa.gov/data/sites/default/files/reports/rpt23074/NSDUHmrbFIManual2019.pdf}
}