@article{pierson2020large,
  title={{A} {L}arge-scale {A}nalysis of {R}acial {D}isparities in {P}olice {S}tops {A}cross the {U}nited {S}tates},
  author={Pierson, Emma and Simoiu, Camelia and Overgoor, Jan and Corbett-Davies, Sam and Jenson, Daniel and Shoemaker, Amy and Ramachandran, Vignesh and Barghouty, Phoebe and Phillips, Cheryl and Shroff, Ravi and others},
  journal={Nature human behaviour},
  volume={4},
  number={7},
  pages={736--745},
  year={2020},
  publisher={Nature Publishing Group}
}


@article{ekstrom2022racial,
  title={{R}acial {D}emographics {E}xplain the {L}ink between {R}acial {D}isparities in {T}raffic {S}tops and {C}ounty-level {R}acial {A}ttitudes},
  author={Ekstrom, Pierce D and Le Forestier, Joel M and Lai, Calvin K},
  journal={Psychological science},
  volume={33},
  number={4},
  pages={497--509},
  year={2022},
  publisher={SAGE Publications Sage CA: Los Angeles, CA}
}