@article{pathwaysarticle,
title = "Theory and Research on Desistance from Antisocial Activity among Serious Adolescent Offenders",
author = "Mulvey, {Edward P.} and Laurence Steinberg and Jeffrey Fagan and Elizabeth Cauffman and Piquero, {Alex R.} and Laurie Chassin and Knight, {George P.} and Robert Brame and Schubert, {Carol A.} and Thomas Hecker and Sandra Losoya",
year = "2004",
month = jul,
doi = "10.1177/1541204004265864",
language = "English (US)",
volume = "2",
pages = "213--236",
journal = "Youth Violence and Juvenile Justice",
issn = "1541-2040",
publisher = "SAGE Publications Inc.",
number = "3",
}

@misc{pathways_report,
title = {Pathways to {D}esistance â€“ {F}inal {T}echnical
{R}eport}
author = "Mulvey, {Edward P.} and Schubert, {Carol A.}  and Piquero, {Alex R.}"
year = {2014},
url = {https://www.ojp.gov/pdffiles1/nij/grants/244689.pdf}
}


@misc{pathways_website,
title = {Pathways to {D}esistance}
author = {Center for {R}esearch on {H}ealth {C}are ({CRHC}) {D}ata {C}enter}
year = {2014},
url = {https://www.ojp.gov/pdffiles1/nij/grants/244689.pdf}
}

@article{pathwaysarticle2,
  title={Some {I}nitial {F}indings and {P}olicy {I}mplications of the {P}athways to {D}esistance {S}tudy},
  author={Mulvey, Edward P and Schubert, Carol A},
  journal={Victims \& {O}ffenders},
  volume={7},
  number={4},
  pages={407--427},
  year={2012},
  publisher={Taylor \& {F}rancis}
}