@article{mcfee2019profiles,
  title={{P}rofiles of {I}ndividual {R}adicalization in the {U}nited {S}tates (PIRUS)},
  author={McFee, G and Jensen, M and James, P},
  journal={College Park, MD: National Consortium for Terrorism and Responses to Terrorism, University of Maryland. Retrieved September},
  volume={17},
  pages={2019},
  year={2019}
}

@article{pyrooz2017cut,
  title={{C}ut from the {S}ame {C}loth? {A} {C}omparative {S}tudy of {D}omestic {E}xtremists and {G}ang {M}embers in the {U}nited {S}tates},
  author={Pyrooz, David C and LaFree, Gary and Decker, Scott H and James, Patrick A},
  journal={Justice Quarterly},
  year={2017},
  publisher={Taylor \& Francis}
}

@article{yon2019simply,
  title={{S}imply {S}mall {M}en? {E}xamining {D}ifferences between {F}emales and {M}ales {R}adicalized in the {U}nited {S}tates},
  author={Yon, Rachel and Milton, Daniel},
  journal={Women \& Criminal Justice},
  volume={29},
  number={4-5},
  pages={188--203},
  year={2019},
  publisher={Taylor \& Francis}
}

@article{al2017spotting,
  title={{S}potting the {I}slamist {R}adical within: {R}eligious {E}xtremists {P}rofiling in the {U}nited {S}tates},
  author={Al-Zewairi, Malek and Naymat, Ghazi},
  journal={Procedia Computer Science},
  volume={113},
  pages={162--169},
  year={2017},
  publisher={Elsevier}
}

@article{haugstvedt2021armed,
  title={{A}rmed and {E}xplosive? An {E}xplorative {S}tatistical {A}nalysis of {E}xtremist {R}adicalization {C}ases with {M}ilitary {B}ackground},
  author={Haugstvedt, H{\aa}vard and Koehler, Daniel},
  journal={Terrorism and Political Violence},
  pages={1--15},
  year={2021},
  publisher={Taylor \& Francis}
}

