@book{glaze2019methodology,
  title={{M}ethodology: {S}urvey of {P}rison {I}nmates, 2016},
  author={Glaze, Lauren E},
  year={2019},
  publisher={US Department of Justice, Office of Justice Programs, Bureau of Justice~…}
}

@book{snell1994women,
  title={{W}omen in {P}rison: {S}urvey of {S}tate {P}rison {I}nmates, 1991},
  author={Snell, Tracy L},
  year={1994},
  publisher={US Department of Justice, Office of Justice Programs, Bureau of Justice~…}
}

@book{alper2019source,
  title={{S}ource and {U}se of {F}irearms {I}nvolved in {C}rimes: {S}urvey of {P}rison {I}nmates, 2016},
  author={Alper, Mariel and Glaze, Lauren},
  year={2019},
  publisher={US Department of Justice, Office of Justice Programs, Bureau of Justice~…}
}

@article{maruschak2021parents,
  title={{P}arents in {P}rison and their {M}inor {C}hildren: {S}urvey of {P}rison {I}nmates, 2016},
  author={Maruschak, Laura M and Bronson, Jennifer and Alper, Mariel},
  journal={Publication no. NCJ-252645, US Department of Justice; Washington, DC},
  year={2021}
}

@article{porter2017correctional,
  title={{C}orrectional {F}acility and {I}nmate {L}ocations: {U}rban and {R}ural {S}tatus {P}atterns},
  author={Porter, Sonya R and Voorheis, John L and Sabol, William and others},
  journal={Center for Administrative Records Research and Applications: US Census Bureau},
  year={2017}
}

@book{peterson1981commits,
  title={{W}ho {C}ommits {C}rimes: A {S}urvey of {P}rison {I}nmates},
  author={Peterson, Mark A and Braiker, Harriet B and Polich, Suzanne M},
  year={1981},
  publisher={Oelgeschlager, Gunn \& Hain Cambridge, MA}
}