@misc{srs_manual,
title = {{S}ummary {R}eporting {S}ystem {U}ser {M}anual}
author = {{F}ederal {B}ureau of {I}nvestigation}
year = {2013}
url = {fbi.gov/file-repository/ucr/ucr-srs-user-manual-v1.pdf/view}
}