@misc{codebook,
    title = {Virginia {P}re-trial {D}ata {P}roject: {D}ata {C}odebook, {O}ctober 2017 {P}roject {D}ataset},
    author = {Virginia {S}tate {C}rime {C}ommission},
    month = {September},
    year = {2021},
    url = {http://www.vcsc.virginia.gov/pretrialdataproject.html}
}

@misc{VPRAI,
title = {Virginia {P}retrial {R}isk {A}ssessment {I}nstrument ({VPRAI})},
author = {National {I}nstitute of {C}orrections},
url = {https://nicic.gov/virginia-pretrial-risk-assessment-instrument-vprai}
}


@misc{PSA,
title = {Public {S}afety {A}ssessment ({PSA})},
author = {Advancing {P}retrial {P}olicy and {R}esearch ({APPR})},
url = {https://advancingpretrial.org/psa/about}
}



@misc{report,
title = {Virginia {P}re-{T}rial {D}ata {P}roject: {F}inal {R}eport},
author = {Virginia {S}tate {C}rime {C}ommission},
year = {2021},
url = {http://www.vcsc.virginia.gov/pretrialdataproject.html}

}